@conference{1,
author="Mita K. Dalal, Mukesh A. Zaveri",
title="Automatic text classification of sports blog data", 
journal="Computing, Communications and Applications Conference (ComComAp)",
month="January",
year="2012",
pages="219-222",
publisher="IEEE"
}

@misc{wiki_a,
howpublished="\url{http://en.wikipedia.org/wiki/Tf%E2%80%93idf}"	
}
@misc{svm_wiki,
howpublished="\url{http://en.wikipedia.org/wiki/Support_vector_machine}"
}
@misc{3,
author="Christopher Manning",
title="Natural Language Processing.TF-IDF Weighting",
school="Stanford University",
publisher="Coursera.org",
howpublished="\url{https://class.coursera.org/nlp/lecture/187"}
}
@misc{4,
author="Gao Cong, Wee Sun Lee, Haoran Wu, Bing Liu",
title="Semi-Supervised Text Classification Using Partitioned EM",
school="Department of Computer Science, National University of Singapore, Singapore 117543, Department of Computer Science, University of Illinois at Chicago, Chicago, IL, United States",
howpublished="\url{http://www.cs.uic.edu/~liub/publications/DASFAA04.pdf}"
}
@book{5,
author="Kuan-Liang Liu and Tzu-Tsung Wong",
title="Naive Bayesian Classifiers with Multinomial Models for rRNA Taxonomic Assignment",
publisher="IEEE",
month="September",
year="2013",
volume="10",
pages="1",		
}

@conference{6,
author="Su Jeong Choi, Hyun-Je Song, Seong-Bae Park, Sang-Jo Lee",
school="Sch. of Comput. Sci. & Engineerning, Kyungpook Nat. Univ., Daegu, South Korea",
title="A POI Categorization by Composition of Onomastic and Contextual Information",
journal="Web Intelligence (WI) and Intelligent Agent Technologies (IAT), 2014 IEEE/WIC/ACM International Joint Conferences",
volume="2",
publisher="IEEE",
month="August",
year="2014",
pages="38 - 45"
}

@book{7,
author="Chih-Wei Hsu,Chih-Jen Lin",
school="Dept. of Comput. Sci. & Inf. Eng., Nat. Taiwan Univ., Taipei, Taiwan",
title="A comparison of methods for multiclass support vector machines",
journal="Neural Networks, IEEE Transactions on",
volume="13",
pages="415 - 425",
publisher="IEEE"
}
@conference{8,
author=" Elmarhumy, M., Fattah, M.A., Ren, F.",
school="Fac. of Eng., Univ. of Tokushima, Tokushima, Japan",
title="Automatic text classification using modified centroid classifier",
journal="Web Intelligence (WI) and Intelligent Agent Technologies (IAT), 2014 IEEE/WIC/ACM International Joint Conferences on",
pages="38-45",
publisher="IEEE",
month="August",
year="2014",
volume="2"	
}
